%YAML 1.1
%TAG !u! tag:unity3d.com,2011:
--- !u!1 &1997417775059980556
GameObject:
  m_ObjectHideFlags: 0
  m_CorrespondingSourceObject: {fileID: 0}
  m_PrefabInstance: {fileID: 0}
  m_PrefabAsset: {fileID: 0}
  serializedVersion: 6
  m_Component:
  - component: {fileID: 6408848824412395626}
  - component: {fileID: 513740280585590217}
  m_Layer: 0
  m_Name: GunSprite
  m_TagString: Untagged
  m_Icon: {fileID: 0}
  m_NavMeshLayer: 0
  m_StaticEditorFlags: 0
  m_IsActive: 1
--- !u!4 &6408848824412395626
Transform:
  m_ObjectHideFlags: 0
  m_CorrespondingSourceObject: {fileID: 0}
  m_PrefabInstance: {fileID: 0}
  m_PrefabAsset: {fileID: 0}
  m_GameObject: {fileID: 1997417775059980556}
  m_LocalRotation: {x: 0, y: 0, z: 0, w: 1}
  m_LocalPosition: {x: 0, y: 0, z: 0}
  m_LocalScale: {x: 1, y: 1, z: 1}
  m_Children: []
  m_Father: {fileID: 8868687532441617825}
  m_RootOrder: 0
  m_LocalEulerAnglesHint: {x: 0, y: 0, z: 0}
--- !u!212 &513740280585590217
SpriteRenderer:
  m_ObjectHideFlags: 0
  m_CorrespondingSourceObject: {fileID: 0}
  m_PrefabInstance: {fileID: 0}
  m_PrefabAsset: {fileID: 0}
  m_GameObject: {fileID: 1997417775059980556}
  m_Enabled: 1
  m_CastShadows: 0
  m_ReceiveShadows: 0
  m_DynamicOccludee: 1
  m_MotionVectors: 1
  m_LightProbeUsage: 1
  m_ReflectionProbeUsage: 1
  m_RenderingLayerMask: 1
  m_RendererPriority: 0
  m_Materials:
  - {fileID: 2100000, guid: a97c105638bdf8b4a8650670310a4cd3, type: 2}
  m_StaticBatchInfo:
    firstSubMesh: 0
    subMeshCount: 0
  m_StaticBatchRoot: {fileID: 0}
  m_ProbeAnchor: {fileID: 0}
  m_LightProbeVolumeOverride: {fileID: 0}
  m_ScaleInLightmap: 1
  m_ReceiveGI: 1
  m_PreserveUVs: 0
  m_IgnoreNormalsForChartDetection: 0
  m_ImportantGI: 0
  m_StitchLightmapSeams: 1
  m_SelectedEditorRenderState: 0
  m_MinimumChartSize: 4
  m_AutoUVMaxDistance: 0.5
  m_AutoUVMaxAngle: 89
  m_LightmapParameters: {fileID: 0}
  m_SortingLayerID: 0
  m_SortingLayer: 0
  m_SortingOrder: 10
  m_Sprite: {fileID: 21300000, guid: c0ce109e55dbea04fb3a9c23bd4c6bd5, type: 3}
  m_Color: {r: 1, g: 1, b: 1, a: 1}
  m_FlipX: 0
  m_FlipY: 0
  m_DrawMode: 0
  m_Size: {x: 0.92, y: 0.41}
  m_AdaptiveModeThreshold: 0.5
  m_SpriteTileMode: 0
  m_WasSpriteAssigned: 1
  m_MaskInteraction: 0
  m_SpriteSortPoint: 0
--- !u!1 &4387291718240124388
GameObject:
  m_ObjectHideFlags: 0
  m_CorrespondingSourceObject: {fileID: 0}
  m_PrefabInstance: {fileID: 0}
  m_PrefabAsset: {fileID: 0}
  serializedVersion: 6
  m_Component:
  - component: {fileID: 8868687532441617825}
  m_Layer: 0
  m_Name: gun_Pistol
  m_TagString: Untagged
  m_Icon: {fileID: 0}
  m_NavMeshLayer: 0
  m_StaticEditorFlags: 0
  m_IsActive: 1
--- !u!4 &8868687532441617825
Transform:
  m_ObjectHideFlags: 0
  m_CorrespondingSourceObject: {fileID: 0}
  m_PrefabInstance: {fileID: 0}
  m_PrefabAsset: {fileID: 0}
  m_GameObject: {fileID: 4387291718240124388}
  m_LocalRotation: {x: 0, y: 0, z: 0, w: 1}
  m_LocalPosition: {x: 0.365, y: 0.124, z: 0}
  m_LocalScale: {x: 1.0000001, y: 1.0000001, z: 1}
  m_Children:
  - {fileID: 6408848824412395626}
  - {fileID: 5106984009389710181}
  - {fileID: 7853869101539960579}
  - {fileID: 7516732351990619691}
  m_Father: {fileID: 0}
  m_RootOrder: 0
  m_LocalEulerAnglesHint: {x: 0, y: 0, z: 0}
--- !u!1001 &1991165183867058277
PrefabInstance:
  m_ObjectHideFlags: 0
  serializedVersion: 2
  m_Modification:
    m_TransformParent: {fileID: 8868687532441617825}
    m_Modifications:
    - target: {fileID: 3205491600209602665, guid: 97048a5858aca7a4f9815281093dcd25,
        type: 3}
      propertyPath: m_Name
      value: PS_Muzzle
      objectReference: {fileID: 0}
    - target: {fileID: 8600897244569395046, guid: 97048a5858aca7a4f9815281093dcd25,
        type: 3}
      propertyPath: m_LocalPosition.x
      value: 0.525
      objectReference: {fileID: 0}
    - target: {fileID: 8600897244569395046, guid: 97048a5858aca7a4f9815281093dcd25,
        type: 3}
      propertyPath: m_LocalPosition.y
      value: 0.016
      objectReference: {fileID: 0}
    - target: {fileID: 8600897244569395046, guid: 97048a5858aca7a4f9815281093dcd25,
        type: 3}
      propertyPath: m_LocalPosition.z
      value: -0
      objectReference: {fileID: 0}
    - target: {fileID: 8600897244569395046, guid: 97048a5858aca7a4f9815281093dcd25,
        type: 3}
      propertyPath: m_LocalRotation.x
      value: 0
      objectReference: {fileID: 0}
    - target: {fileID: 8600897244569395046, guid: 97048a5858aca7a4f9815281093dcd25,
        type: 3}
      propertyPath: m_LocalRotation.y
      value: -0.7071068
      objectReference: {fileID: 0}
    - target: {fileID: 8600897244569395046, guid: 97048a5858aca7a4f9815281093dcd25,
        type: 3}
      propertyPath: m_LocalRotation.z
      value: 0
      objectReference: {fileID: 0}
    - target: {fileID: 8600897244569395046, guid: 97048a5858aca7a4f9815281093dcd25,
        type: 3}
      propertyPath: m_LocalRotation.w
      value: 0.7071068
      objectReference: {fileID: 0}
    - target: {fileID: 8600897244569395046, guid: 97048a5858aca7a4f9815281093dcd25,
        type: 3}
      propertyPath: m_RootOrder
      value: 2
      objectReference: {fileID: 0}
    - target: {fileID: 8600897244569395046, guid: 97048a5858aca7a4f9815281093dcd25,
        type: 3}
      propertyPath: m_LocalEulerAnglesHint.x
      value: 0
      objectReference: {fileID: 0}
    - target: {fileID: 8600897244569395046, guid: 97048a5858aca7a4f9815281093dcd25,
        type: 3}
      propertyPath: m_LocalEulerAnglesHint.y
      value: -90
      objectReference: {fileID: 0}
    - target: {fileID: 8600897244569395046, guid: 97048a5858aca7a4f9815281093dcd25,
        type: 3}
      propertyPath: m_LocalEulerAnglesHint.z
      value: 0
      objectReference: {fileID: 0}
    m_RemovedComponents: []
  m_SourcePrefab: {fileID: 100100000, guid: 97048a5858aca7a4f9815281093dcd25, type: 3}
--- !u!4 &7853869101539960579 stripped
Transform:
  m_CorrespondingSourceObject: {fileID: 8600897244569395046, guid: 97048a5858aca7a4f9815281093dcd25,
    type: 3}
  m_PrefabInstance: {fileID: 1991165183867058277}
  m_PrefabAsset: {fileID: 0}
--- !u!1001 &2025828609725949172
PrefabInstance:
  m_ObjectHideFlags: 0
  serializedVersion: 2
  m_Modification:
    m_TransformParent: {fileID: 8868687532441617825}
    m_Modifications:
    - target: {fileID: 5973009064057331655, guid: 2136538c4bc0157458ac09d4d367b383,
        type: 3}
      propertyPath: m_Name
      value: Laser
      objectReference: {fileID: 0}
    - target: {fileID: 8380631956133493471, guid: 2136538c4bc0157458ac09d4d367b383,
        type: 3}
      propertyPath: m_LocalPosition.x
      value: 0.342
      objectReference: {fileID: 0}
    - target: {fileID: 8380631956133493471, guid: 2136538c4bc0157458ac09d4d367b383,
        type: 3}
      propertyPath: m_LocalPosition.y
      value: -0.122
      objectReference: {fileID: 0}
    - target: {fileID: 8380631956133493471, guid: 2136538c4bc0157458ac09d4d367b383,
        type: 3}
      propertyPath: m_LocalPosition.z
      value: 0
      objectReference: {fileID: 0}
    - target: {fileID: 8380631956133493471, guid: 2136538c4bc0157458ac09d4d367b383,
        type: 3}
      propertyPath: m_LocalRotation.x
      value: 0
      objectReference: {fileID: 0}
    - target: {fileID: 8380631956133493471, guid: 2136538c4bc0157458ac09d4d367b383,
        type: 3}
      propertyPath: m_LocalRotation.y
      value: 0
      objectReference: {fileID: 0}
    - target: {fileID: 8380631956133493471, guid: 2136538c4bc0157458ac09d4d367b383,
        type: 3}
      propertyPath: m_LocalRotation.z
      value: 0
      objectReference: {fileID: 0}
    - target: {fileID: 8380631956133493471, guid: 2136538c4bc0157458ac09d4d367b383,
        type: 3}
      propertyPath: m_LocalRotation.w
      value: 1
      objectReference: {fileID: 0}
    - target: {fileID: 8380631956133493471, guid: 2136538c4bc0157458ac09d4d367b383,
        type: 3}
      propertyPath: m_RootOrder
      value: 3
      objectReference: {fileID: 0}
    - target: {fileID: 8380631956133493471, guid: 2136538c4bc0157458ac09d4d367b383,
        type: 3}
      propertyPath: m_LocalEulerAnglesHint.x
      value: 0
      objectReference: {fileID: 0}
    - target: {fileID: 8380631956133493471, guid: 2136538c4bc0157458ac09d4d367b383,
        type: 3}
      propertyPath: m_LocalEulerAnglesHint.y
      value: 0
      objectReference: {fileID: 0}
    - target: {fileID: 8380631956133493471, guid: 2136538c4bc0157458ac09d4d367b383,
        type: 3}
      propertyPath: m_LocalEulerAnglesHint.z
      value: 0
      objectReference: {fileID: 0}
    m_RemovedComponents: []
  m_SourcePrefab: {fileID: 100100000, guid: 2136538c4bc0157458ac09d4d367b383, type: 3}
--- !u!4 &7516732351990619691 stripped
Transform:
  m_CorrespondingSourceObject: {fileID: 8380631956133493471, guid: 2136538c4bc0157458ac09d4d367b383,
    type: 3}
  m_PrefabInstance: {fileID: 2025828609725949172}
  m_PrefabAsset: {fileID: 0}
--- !u!1001 &3085604923567689782
PrefabInstance:
  m_ObjectHideFlags: 0
  serializedVersion: 2
  m_Modification:
    m_TransformParent: {fileID: 8868687532441617825}
    m_Modifications:
    - target: {fileID: 4650849638583486050, guid: 48a882e7d7aeeac4d80a1d2181102953,
        type: 3}
      propertyPath: m_Name
      value: PS_shells
      objectReference: {fileID: 0}
    - target: {fileID: 7786129686101543763, guid: 48a882e7d7aeeac4d80a1d2181102953,
        type: 3}
      propertyPath: m_LocalPosition.x
      value: -0.23
      objectReference: {fileID: 0}
    - target: {fileID: 7786129686101543763, guid: 48a882e7d7aeeac4d80a1d2181102953,
        type: 3}
      propertyPath: m_LocalPosition.y
      value: 0.059
      objectReference: {fileID: 0}
    - target: {fileID: 7786129686101543763, guid: 48a882e7d7aeeac4d80a1d2181102953,
        type: 3}
      propertyPath: m_LocalPosition.z
      value: 0
      objectReference: {fileID: 0}
    - target: {fileID: 7786129686101543763, guid: 48a882e7d7aeeac4d80a1d2181102953,
        type: 3}
      propertyPath: m_LocalRotation.x
      value: 0
      objectReference: {fileID: 0}
    - target: {fileID: 7786129686101543763, guid: 48a882e7d7aeeac4d80a1d2181102953,
        type: 3}
      propertyPath: m_LocalRotation.y
      value: 0
      objectReference: {fileID: 0}
    - target: {fileID: 7786129686101543763, guid: 48a882e7d7aeeac4d80a1d2181102953,
        type: 3}
      propertyPath: m_LocalRotation.z
      value: 0
      objectReference: {fileID: 0}
    - target: {fileID: 7786129686101543763, guid: 48a882e7d7aeeac4d80a1d2181102953,
        type: 3}
      propertyPath: m_LocalRotation.w
      value: 1
      objectReference: {fileID: 0}
    - target: {fileID: 7786129686101543763, guid: 48a882e7d7aeeac4d80a1d2181102953,
        type: 3}
      propertyPath: m_RootOrder
      value: 1
      objectReference: {fileID: 0}
    - target: {fileID: 7786129686101543763, guid: 48a882e7d7aeeac4d80a1d2181102953,
        type: 3}
      propertyPath: m_LocalEulerAnglesHint.x
      value: -90
      objectReference: {fileID: 0}
    - target: {fileID: 7786129686101543763, guid: 48a882e7d7aeeac4d80a1d2181102953,
        type: 3}
      propertyPath: m_LocalEulerAnglesHint.y
      value: 0
      objectReference: {fileID: 0}
    - target: {fileID: 7786129686101543763, guid: 48a882e7d7aeeac4d80a1d2181102953,
        type: 3}
      propertyPath: m_LocalEulerAnglesHint.z
      value: 0
      objectReference: {fileID: 0}
    m_RemovedComponents: []
  m_SourcePrefab: {fileID: 100100000, guid: 48a882e7d7aeeac4d80a1d2181102953, type: 3}
--- !u!4 &5106984009389710181 stripped
Transform:
  m_CorrespondingSourceObject: {fileID: 7786129686101543763, guid: 48a882e7d7aeeac4d80a1d2181102953,
    type: 3}
  m_PrefabInstance: {fileID: 3085604923567689782}
  m_PrefabAsset: {fileID: 0}
