%YAML 1.1
%TAG !u! tag:unity3d.com,2011:
--- !u!1 &2112263688171135036
GameObject:
  m_ObjectHideFlags: 0
  m_CorrespondingSourceObject: {fileID: 0}
  m_PrefabInstance: {fileID: 0}
  m_PrefabAsset: {fileID: 0}
  serializedVersion: 6
  m_Component:
  - component: {fileID: 6780391671027870042}
  - component: {fileID: 128678388704011513}
  m_Layer: 0
  m_Name: GunSprite
  m_TagString: Untagged
  m_Icon: {fileID: 0}
  m_NavMeshLayer: 0
  m_StaticEditorFlags: 0
  m_IsActive: 1
--- !u!4 &6780391671027870042
Transform:
  m_ObjectHideFlags: 0
  m_CorrespondingSourceObject: {fileID: 0}
  m_PrefabInstance: {fileID: 0}
  m_PrefabAsset: {fileID: 0}
  m_GameObject: {fileID: 2112263688171135036}
  m_LocalRotation: {x: 0, y: 0, z: 0, w: 1}
  m_LocalPosition: {x: -0.045, y: 0.04, z: 0}
  m_LocalScale: {x: 1, y: 1, z: 1}
  m_Children: []
  m_Father: {fileID: 9078109038784001169}
  m_RootOrder: 0
  m_LocalEulerAnglesHint: {x: 0, y: 0, z: 0}
--- !u!212 &128678388704011513
SpriteRenderer:
  m_ObjectHideFlags: 0
  m_CorrespondingSourceObject: {fileID: 0}
  m_PrefabInstance: {fileID: 0}
  m_PrefabAsset: {fileID: 0}
  m_GameObject: {fileID: 2112263688171135036}
  m_Enabled: 1
  m_CastShadows: 0
  m_ReceiveShadows: 0
  m_DynamicOccludee: 1
  m_MotionVectors: 1
  m_LightProbeUsage: 1
  m_ReflectionProbeUsage: 1
  m_RenderingLayerMask: 1
  m_RendererPriority: 0
  m_Materials:
  - {fileID: 2100000, guid: a97c105638bdf8b4a8650670310a4cd3, type: 2}
  m_StaticBatchInfo:
    firstSubMesh: 0
    subMeshCount: 0
  m_StaticBatchRoot: {fileID: 0}
  m_ProbeAnchor: {fileID: 0}
  m_LightProbeVolumeOverride: {fileID: 0}
  m_ScaleInLightmap: 1
  m_ReceiveGI: 1
  m_PreserveUVs: 0
  m_IgnoreNormalsForChartDetection: 0
  m_ImportantGI: 0
  m_StitchLightmapSeams: 1
  m_SelectedEditorRenderState: 0
  m_MinimumChartSize: 4
  m_AutoUVMaxDistance: 0.5
  m_AutoUVMaxAngle: 89
  m_LightmapParameters: {fileID: 0}
  m_SortingLayerID: 0
  m_SortingLayer: 0
  m_SortingOrder: 10
  m_Sprite: {fileID: 21300000, guid: f3284b2c6099105428c68ccee89a49f9, type: 3}
  m_Color: {r: 1, g: 1, b: 1, a: 1}
  m_FlipX: 0
  m_FlipY: 0
  m_DrawMode: 0
  m_Size: {x: 0.92, y: 0.41}
  m_AdaptiveModeThreshold: 0.5
  m_SpriteTileMode: 0
  m_WasSpriteAssigned: 1
  m_MaskInteraction: 0
  m_SpriteSortPoint: 0
--- !u!1 &4182382607525399764
GameObject:
  m_ObjectHideFlags: 0
  m_CorrespondingSourceObject: {fileID: 0}
  m_PrefabInstance: {fileID: 0}
  m_PrefabAsset: {fileID: 0}
  serializedVersion: 6
  m_Component:
  - component: {fileID: 9078109038784001169}
  m_Layer: 0
  m_Name: gun_q3RL
  m_TagString: Untagged
  m_Icon: {fileID: 0}
  m_NavMeshLayer: 0
  m_StaticEditorFlags: 0
  m_IsActive: 1
--- !u!4 &9078109038784001169
Transform:
  m_ObjectHideFlags: 0
  m_CorrespondingSourceObject: {fileID: 0}
  m_PrefabInstance: {fileID: 0}
  m_PrefabAsset: {fileID: 0}
  m_GameObject: {fileID: 4182382607525399764}
  m_LocalRotation: {x: 0, y: 0, z: 0, w: 1}
  m_LocalPosition: {x: 0.365, y: 0.124, z: 0}
  m_LocalScale: {x: 1.0000001, y: 1.0000001, z: 1}
  m_Children:
  - {fileID: 6780391671027870042}
  - {fileID: 4627345976710130261}
  - {fileID: 7644447046489953843}
  - {fileID: 1001362262409405383}
  m_Father: {fileID: 0}
  m_RootOrder: 0
  m_LocalEulerAnglesHint: {x: 0, y: 0, z: 0}
--- !u!1001 &2110515246394280277
PrefabInstance:
  m_ObjectHideFlags: 0
  serializedVersion: 2
  m_Modification:
    m_TransformParent: {fileID: 9078109038784001169}
    m_Modifications:
    - target: {fileID: 3205491600209602665, guid: 97048a5858aca7a4f9815281093dcd25,
        type: 3}
      propertyPath: m_Name
      value: PS_Muzzle
      objectReference: {fileID: 0}
    - target: {fileID: 8600897244569395046, guid: 97048a5858aca7a4f9815281093dcd25,
        type: 3}
      propertyPath: m_LocalPosition.x
      value: 0.774
      objectReference: {fileID: 0}
    - target: {fileID: 8600897244569395046, guid: 97048a5858aca7a4f9815281093dcd25,
        type: 3}
      propertyPath: m_LocalPosition.y
      value: 0.055
      objectReference: {fileID: 0}
    - target: {fileID: 8600897244569395046, guid: 97048a5858aca7a4f9815281093dcd25,
        type: 3}
      propertyPath: m_LocalPosition.z
      value: -0
      objectReference: {fileID: 0}
    - target: {fileID: 8600897244569395046, guid: 97048a5858aca7a4f9815281093dcd25,
        type: 3}
      propertyPath: m_LocalRotation.x
      value: 0
      objectReference: {fileID: 0}
    - target: {fileID: 8600897244569395046, guid: 97048a5858aca7a4f9815281093dcd25,
        type: 3}
      propertyPath: m_LocalRotation.y
      value: -0.7071068
      objectReference: {fileID: 0}
    - target: {fileID: 8600897244569395046, guid: 97048a5858aca7a4f9815281093dcd25,
        type: 3}
      propertyPath: m_LocalRotation.z
      value: 0
      objectReference: {fileID: 0}
    - target: {fileID: 8600897244569395046, guid: 97048a5858aca7a4f9815281093dcd25,
        type: 3}
      propertyPath: m_LocalRotation.w
      value: 0.7071068
      objectReference: {fileID: 0}
    - target: {fileID: 8600897244569395046, guid: 97048a5858aca7a4f9815281093dcd25,
        type: 3}
      propertyPath: m_RootOrder
      value: 2
      objectReference: {fileID: 0}
    - target: {fileID: 8600897244569395046, guid: 97048a5858aca7a4f9815281093dcd25,
        type: 3}
      propertyPath: m_LocalEulerAnglesHint.x
      value: 0
      objectReference: {fileID: 0}
    - target: {fileID: 8600897244569395046, guid: 97048a5858aca7a4f9815281093dcd25,
        type: 3}
      propertyPath: m_LocalEulerAnglesHint.y
      value: -90
      objectReference: {fileID: 0}
    - target: {fileID: 8600897244569395046, guid: 97048a5858aca7a4f9815281093dcd25,
        type: 3}
      propertyPath: m_LocalEulerAnglesHint.z
      value: 0
      objectReference: {fileID: 0}
    m_RemovedComponents: []
  m_SourcePrefab: {fileID: 100100000, guid: 97048a5858aca7a4f9815281093dcd25, type: 3}
--- !u!4 &7644447046489953843 stripped
Transform:
  m_CorrespondingSourceObject: {fileID: 8600897244569395046, guid: 97048a5858aca7a4f9815281093dcd25,
    type: 3}
  m_PrefabInstance: {fileID: 2110515246394280277}
  m_PrefabAsset: {fileID: 0}
--- !u!1001 &3186931241707839750
PrefabInstance:
  m_ObjectHideFlags: 0
  serializedVersion: 2
  m_Modification:
    m_TransformParent: {fileID: 9078109038784001169}
    m_Modifications:
    - target: {fileID: 4650849638583486050, guid: 48a882e7d7aeeac4d80a1d2181102953,
        type: 3}
      propertyPath: m_Name
      value: PS_shells
      objectReference: {fileID: 0}
    - target: {fileID: 7786129686101543763, guid: 48a882e7d7aeeac4d80a1d2181102953,
        type: 3}
      propertyPath: m_LocalPosition.x
      value: -0.302
      objectReference: {fileID: 0}
    - target: {fileID: 7786129686101543763, guid: 48a882e7d7aeeac4d80a1d2181102953,
        type: 3}
      propertyPath: m_LocalPosition.y
      value: 0.096
      objectReference: {fileID: 0}
    - target: {fileID: 7786129686101543763, guid: 48a882e7d7aeeac4d80a1d2181102953,
        type: 3}
      propertyPath: m_LocalPosition.z
      value: 0
      objectReference: {fileID: 0}
    - target: {fileID: 7786129686101543763, guid: 48a882e7d7aeeac4d80a1d2181102953,
        type: 3}
      propertyPath: m_LocalRotation.x
      value: 0
      objectReference: {fileID: 0}
    - target: {fileID: 7786129686101543763, guid: 48a882e7d7aeeac4d80a1d2181102953,
        type: 3}
      propertyPath: m_LocalRotation.y
      value: 0
      objectReference: {fileID: 0}
    - target: {fileID: 7786129686101543763, guid: 48a882e7d7aeeac4d80a1d2181102953,
        type: 3}
      propertyPath: m_LocalRotation.z
      value: 0
      objectReference: {fileID: 0}
    - target: {fileID: 7786129686101543763, guid: 48a882e7d7aeeac4d80a1d2181102953,
        type: 3}
      propertyPath: m_LocalRotation.w
      value: 1
      objectReference: {fileID: 0}
    - target: {fileID: 7786129686101543763, guid: 48a882e7d7aeeac4d80a1d2181102953,
        type: 3}
      propertyPath: m_RootOrder
      value: 1
      objectReference: {fileID: 0}
    - target: {fileID: 7786129686101543763, guid: 48a882e7d7aeeac4d80a1d2181102953,
        type: 3}
      propertyPath: m_LocalEulerAnglesHint.x
      value: -90
      objectReference: {fileID: 0}
    - target: {fileID: 7786129686101543763, guid: 48a882e7d7aeeac4d80a1d2181102953,
        type: 3}
      propertyPath: m_LocalEulerAnglesHint.y
      value: 0
      objectReference: {fileID: 0}
    - target: {fileID: 7786129686101543763, guid: 48a882e7d7aeeac4d80a1d2181102953,
        type: 3}
      propertyPath: m_LocalEulerAnglesHint.z
      value: 0
      objectReference: {fileID: 0}
    - target: {fileID: 1168782198392753648, guid: 48a882e7d7aeeac4d80a1d2181102953,
        type: 3}
      propertyPath: EmissionModule.rateOverTime.scalar
      value: 0
      objectReference: {fileID: 0}
    m_RemovedComponents: []
  m_SourcePrefab: {fileID: 100100000, guid: 48a882e7d7aeeac4d80a1d2181102953, type: 3}
--- !u!4 &4627345976710130261 stripped
Transform:
  m_CorrespondingSourceObject: {fileID: 7786129686101543763, guid: 48a882e7d7aeeac4d80a1d2181102953,
    type: 3}
  m_PrefabInstance: {fileID: 3186931241707839750}
  m_PrefabAsset: {fileID: 0}
--- !u!1001 &8766381952513825048
PrefabInstance:
  m_ObjectHideFlags: 0
  serializedVersion: 2
  m_Modification:
    m_TransformParent: {fileID: 9078109038784001169}
    m_Modifications:
    - target: {fileID: 5973009064057331655, guid: 2136538c4bc0157458ac09d4d367b383,
        type: 3}
      propertyPath: m_Name
      value: Laser
      objectReference: {fileID: 0}
    - target: {fileID: 8380631956133493471, guid: 2136538c4bc0157458ac09d4d367b383,
        type: 3}
      propertyPath: m_LocalPosition.x
      value: 0.675
      objectReference: {fileID: 0}
    - target: {fileID: 8380631956133493471, guid: 2136538c4bc0157458ac09d4d367b383,
        type: 3}
      propertyPath: m_LocalPosition.y
      value: -0.088
      objectReference: {fileID: 0}
    - target: {fileID: 8380631956133493471, guid: 2136538c4bc0157458ac09d4d367b383,
        type: 3}
      propertyPath: m_LocalPosition.z
      value: 0
      objectReference: {fileID: 0}
    - target: {fileID: 8380631956133493471, guid: 2136538c4bc0157458ac09d4d367b383,
        type: 3}
      propertyPath: m_LocalRotation.x
      value: 0
      objectReference: {fileID: 0}
    - target: {fileID: 8380631956133493471, guid: 2136538c4bc0157458ac09d4d367b383,
        type: 3}
      propertyPath: m_LocalRotation.y
      value: 0
      objectReference: {fileID: 0}
    - target: {fileID: 8380631956133493471, guid: 2136538c4bc0157458ac09d4d367b383,
        type: 3}
      propertyPath: m_LocalRotation.z
      value: 0
      objectReference: {fileID: 0}
    - target: {fileID: 8380631956133493471, guid: 2136538c4bc0157458ac09d4d367b383,
        type: 3}
      propertyPath: m_LocalRotation.w
      value: 1
      objectReference: {fileID: 0}
    - target: {fileID: 8380631956133493471, guid: 2136538c4bc0157458ac09d4d367b383,
        type: 3}
      propertyPath: m_RootOrder
      value: 3
      objectReference: {fileID: 0}
    - target: {fileID: 8380631956133493471, guid: 2136538c4bc0157458ac09d4d367b383,
        type: 3}
      propertyPath: m_LocalEulerAnglesHint.x
      value: 0
      objectReference: {fileID: 0}
    - target: {fileID: 8380631956133493471, guid: 2136538c4bc0157458ac09d4d367b383,
        type: 3}
      propertyPath: m_LocalEulerAnglesHint.y
      value: 0
      objectReference: {fileID: 0}
    - target: {fileID: 8380631956133493471, guid: 2136538c4bc0157458ac09d4d367b383,
        type: 3}
      propertyPath: m_LocalEulerAnglesHint.z
      value: 0
      objectReference: {fileID: 0}
    m_RemovedComponents: []
  m_SourcePrefab: {fileID: 100100000, guid: 2136538c4bc0157458ac09d4d367b383, type: 3}
--- !u!4 &1001362262409405383 stripped
Transform:
  m_CorrespondingSourceObject: {fileID: 8380631956133493471, guid: 2136538c4bc0157458ac09d4d367b383,
    type: 3}
  m_PrefabInstance: {fileID: 8766381952513825048}
  m_PrefabAsset: {fileID: 0}
