%YAML 1.1
%TAG !u! tag:unity3d.com,2011:
--- !u!1 &6074295867936224974
GameObject:
  m_ObjectHideFlags: 0
  m_CorrespondingSourceObject: {fileID: 0}
  m_PrefabInstance: {fileID: 0}
  m_PrefabAsset: {fileID: 0}
  serializedVersion: 6
  m_Component:
  - component: {fileID: 1422320719062060683}
  - component: {fileID: 3328741179468925026}
  m_Layer: 0
  m_Name: gun_Gutling
  m_TagString: Untagged
  m_Icon: {fileID: 0}
  m_NavMeshLayer: 0
  m_StaticEditorFlags: 0
  m_IsActive: 1
--- !u!4 &1422320719062060683
Transform:
  m_ObjectHideFlags: 0
  m_CorrespondingSourceObject: {fileID: 0}
  m_PrefabInstance: {fileID: 0}
  m_PrefabAsset: {fileID: 0}
  m_GameObject: {fileID: 6074295867936224974}
  m_LocalRotation: {x: 0, y: 0, z: 0, w: 1}
  m_LocalPosition: {x: 0.365, y: 0.124, z: 0}
  m_LocalScale: {x: 1.0000001, y: 1.0000001, z: 1}
  m_Children:
  - {fileID: 3485292941244027712}
  - {fileID: 3346552325673521231}
  - {fileID: 310886002740014121}
  - {fileID: 2042124872684590174}
  m_Father: {fileID: 0}
  m_RootOrder: 0
  m_LocalEulerAnglesHint: {x: 0, y: 0, z: 0}
--- !u!95 &3328741179468925026
Animator:
  serializedVersion: 3
  m_ObjectHideFlags: 0
  m_CorrespondingSourceObject: {fileID: 0}
  m_PrefabInstance: {fileID: 0}
  m_PrefabAsset: {fileID: 0}
  m_GameObject: {fileID: 6074295867936224974}
  m_Enabled: 1
  m_Avatar: {fileID: 0}
  m_Controller: {fileID: 9100000, guid: e8038d4c432176340a326a6969561bb2, type: 2}
  m_CullingMode: 0
  m_UpdateMode: 0
  m_ApplyRootMotion: 0
  m_LinearVelocityBlending: 0
  m_WarningMessage: 
  m_HasTransformHierarchy: 1
  m_AllowConstantClipSamplingOptimization: 1
  m_KeepAnimatorControllerStateOnDisable: 0
--- !u!1 &8293011031278574118
GameObject:
  m_ObjectHideFlags: 0
  m_CorrespondingSourceObject: {fileID: 0}
  m_PrefabInstance: {fileID: 0}
  m_PrefabAsset: {fileID: 0}
  serializedVersion: 6
  m_Component:
  - component: {fileID: 3485292941244027712}
  - component: {fileID: 8038887308161457891}
  m_Layer: 0
  m_Name: GunSprite
  m_TagString: Untagged
  m_Icon: {fileID: 0}
  m_NavMeshLayer: 0
  m_StaticEditorFlags: 0
  m_IsActive: 1
--- !u!4 &3485292941244027712
Transform:
  m_ObjectHideFlags: 0
  m_CorrespondingSourceObject: {fileID: 0}
  m_PrefabInstance: {fileID: 0}
  m_PrefabAsset: {fileID: 0}
  m_GameObject: {fileID: 8293011031278574118}
  m_LocalRotation: {x: 0, y: 0, z: 0, w: 1}
  m_LocalPosition: {x: 0.346, y: -0.225, z: 0}
  m_LocalScale: {x: 1, y: 1, z: 1}
  m_Children: []
  m_Father: {fileID: 1422320719062060683}
  m_RootOrder: 0
  m_LocalEulerAnglesHint: {x: 0, y: 0, z: 0}
--- !u!212 &8038887308161457891
SpriteRenderer:
  m_ObjectHideFlags: 0
  m_CorrespondingSourceObject: {fileID: 0}
  m_PrefabInstance: {fileID: 0}
  m_PrefabAsset: {fileID: 0}
  m_GameObject: {fileID: 8293011031278574118}
  m_Enabled: 1
  m_CastShadows: 0
  m_ReceiveShadows: 0
  m_DynamicOccludee: 1
  m_MotionVectors: 1
  m_LightProbeUsage: 1
  m_ReflectionProbeUsage: 1
  m_RenderingLayerMask: 1
  m_RendererPriority: 0
  m_Materials:
  - {fileID: 2100000, guid: a97c105638bdf8b4a8650670310a4cd3, type: 2}
  m_StaticBatchInfo:
    firstSubMesh: 0
    subMeshCount: 0
  m_StaticBatchRoot: {fileID: 0}
  m_ProbeAnchor: {fileID: 0}
  m_LightProbeVolumeOverride: {fileID: 0}
  m_ScaleInLightmap: 1
  m_ReceiveGI: 1
  m_PreserveUVs: 0
  m_IgnoreNormalsForChartDetection: 0
  m_ImportantGI: 0
  m_StitchLightmapSeams: 1
  m_SelectedEditorRenderState: 0
  m_MinimumChartSize: 4
  m_AutoUVMaxDistance: 0.5
  m_AutoUVMaxAngle: 89
  m_LightmapParameters: {fileID: 0}
  m_SortingLayerID: 0
  m_SortingLayer: 0
  m_SortingOrder: 10
  m_Sprite: {fileID: 21300000, guid: b265f945d992d8a4d9491734cabb3918, type: 3}
  m_Color: {r: 1, g: 1, b: 1, a: 1}
  m_FlipX: 0
  m_FlipY: 0
  m_DrawMode: 0
  m_Size: {x: 0.92, y: 0.41}
  m_AdaptiveModeThreshold: 0.5
  m_SpriteTileMode: 0
  m_WasSpriteAssigned: 1
  m_MaskInteraction: 0
  m_SpriteSortPoint: 0
--- !u!1001 &1942030332383062712
PrefabInstance:
  m_ObjectHideFlags: 0
  serializedVersion: 2
  m_Modification:
    m_TransformParent: {fileID: 1422320719062060683}
    m_Modifications:
    - target: {fileID: 5009041521907888542, guid: 566b1506b0a488b49b180ec24bf5424b,
        type: 3}
      propertyPath: m_Name
      value: PS_MuzzleMachinegun
      objectReference: {fileID: 0}
    - target: {fileID: 2207616352687769233, guid: 566b1506b0a488b49b180ec24bf5424b,
        type: 3}
      propertyPath: m_LocalPosition.x
      value: 1.139
      objectReference: {fileID: 0}
    - target: {fileID: 2207616352687769233, guid: 566b1506b0a488b49b180ec24bf5424b,
        type: 3}
      propertyPath: m_LocalPosition.y
      value: -0.008
      objectReference: {fileID: 0}
    - target: {fileID: 2207616352687769233, guid: 566b1506b0a488b49b180ec24bf5424b,
        type: 3}
      propertyPath: m_LocalPosition.z
      value: 0
      objectReference: {fileID: 0}
    - target: {fileID: 2207616352687769233, guid: 566b1506b0a488b49b180ec24bf5424b,
        type: 3}
      propertyPath: m_LocalRotation.x
      value: 0
      objectReference: {fileID: 0}
    - target: {fileID: 2207616352687769233, guid: 566b1506b0a488b49b180ec24bf5424b,
        type: 3}
      propertyPath: m_LocalRotation.y
      value: -0.7071068
      objectReference: {fileID: 0}
    - target: {fileID: 2207616352687769233, guid: 566b1506b0a488b49b180ec24bf5424b,
        type: 3}
      propertyPath: m_LocalRotation.z
      value: 0
      objectReference: {fileID: 0}
    - target: {fileID: 2207616352687769233, guid: 566b1506b0a488b49b180ec24bf5424b,
        type: 3}
      propertyPath: m_LocalRotation.w
      value: 0.7071068
      objectReference: {fileID: 0}
    - target: {fileID: 2207616352687769233, guid: 566b1506b0a488b49b180ec24bf5424b,
        type: 3}
      propertyPath: m_RootOrder
      value: 2
      objectReference: {fileID: 0}
    - target: {fileID: 2207616352687769233, guid: 566b1506b0a488b49b180ec24bf5424b,
        type: 3}
      propertyPath: m_LocalEulerAnglesHint.x
      value: 0
      objectReference: {fileID: 0}
    - target: {fileID: 2207616352687769233, guid: 566b1506b0a488b49b180ec24bf5424b,
        type: 3}
      propertyPath: m_LocalEulerAnglesHint.y
      value: -90
      objectReference: {fileID: 0}
    - target: {fileID: 2207616352687769233, guid: 566b1506b0a488b49b180ec24bf5424b,
        type: 3}
      propertyPath: m_LocalEulerAnglesHint.z
      value: 0
      objectReference: {fileID: 0}
    - target: {fileID: 3696070157687278425, guid: 566b1506b0a488b49b180ec24bf5424b,
        type: 3}
      propertyPath: EmissionModule.rateOverTime.scalar
      value: 5
      objectReference: {fileID: 0}
    m_RemovedComponents: []
  m_SourcePrefab: {fileID: 100100000, guid: 566b1506b0a488b49b180ec24bf5424b, type: 3}
--- !u!4 &310886002740014121 stripped
Transform:
  m_CorrespondingSourceObject: {fileID: 2207616352687769233, guid: 566b1506b0a488b49b180ec24bf5424b,
    type: 3}
  m_PrefabInstance: {fileID: 1942030332383062712}
  m_PrefabAsset: {fileID: 0}
--- !u!1001 &4790902214907648796
PrefabInstance:
  m_ObjectHideFlags: 0
  serializedVersion: 2
  m_Modification:
    m_TransformParent: {fileID: 1422320719062060683}
    m_Modifications:
    - target: {fileID: 4650849638583486050, guid: 48a882e7d7aeeac4d80a1d2181102953,
        type: 3}
      propertyPath: m_Name
      value: PS_shells
      objectReference: {fileID: 0}
    - target: {fileID: 7786129686101543763, guid: 48a882e7d7aeeac4d80a1d2181102953,
        type: 3}
      propertyPath: m_LocalPosition.x
      value: 0.006
      objectReference: {fileID: 0}
    - target: {fileID: 7786129686101543763, guid: 48a882e7d7aeeac4d80a1d2181102953,
        type: 3}
      propertyPath: m_LocalPosition.y
      value: -0.062
      objectReference: {fileID: 0}
    - target: {fileID: 7786129686101543763, guid: 48a882e7d7aeeac4d80a1d2181102953,
        type: 3}
      propertyPath: m_LocalPosition.z
      value: 0
      objectReference: {fileID: 0}
    - target: {fileID: 7786129686101543763, guid: 48a882e7d7aeeac4d80a1d2181102953,
        type: 3}
      propertyPath: m_LocalRotation.x
      value: 0
      objectReference: {fileID: 0}
    - target: {fileID: 7786129686101543763, guid: 48a882e7d7aeeac4d80a1d2181102953,
        type: 3}
      propertyPath: m_LocalRotation.y
      value: 0
      objectReference: {fileID: 0}
    - target: {fileID: 7786129686101543763, guid: 48a882e7d7aeeac4d80a1d2181102953,
        type: 3}
      propertyPath: m_LocalRotation.z
      value: 0
      objectReference: {fileID: 0}
    - target: {fileID: 7786129686101543763, guid: 48a882e7d7aeeac4d80a1d2181102953,
        type: 3}
      propertyPath: m_LocalRotation.w
      value: 1
      objectReference: {fileID: 0}
    - target: {fileID: 7786129686101543763, guid: 48a882e7d7aeeac4d80a1d2181102953,
        type: 3}
      propertyPath: m_RootOrder
      value: 1
      objectReference: {fileID: 0}
    - target: {fileID: 7786129686101543763, guid: 48a882e7d7aeeac4d80a1d2181102953,
        type: 3}
      propertyPath: m_LocalEulerAnglesHint.x
      value: -90
      objectReference: {fileID: 0}
    - target: {fileID: 7786129686101543763, guid: 48a882e7d7aeeac4d80a1d2181102953,
        type: 3}
      propertyPath: m_LocalEulerAnglesHint.y
      value: 0
      objectReference: {fileID: 0}
    - target: {fileID: 7786129686101543763, guid: 48a882e7d7aeeac4d80a1d2181102953,
        type: 3}
      propertyPath: m_LocalEulerAnglesHint.z
      value: 0
      objectReference: {fileID: 0}
    m_RemovedComponents: []
  m_SourcePrefab: {fileID: 100100000, guid: 48a882e7d7aeeac4d80a1d2181102953, type: 3}
--- !u!4 &3346552325673521231 stripped
Transform:
  m_CorrespondingSourceObject: {fileID: 7786129686101543763, guid: 48a882e7d7aeeac4d80a1d2181102953,
    type: 3}
  m_PrefabInstance: {fileID: 4790902214907648796}
  m_PrefabAsset: {fileID: 0}
--- !u!1001 &7501564985928412801
PrefabInstance:
  m_ObjectHideFlags: 0
  serializedVersion: 2
  m_Modification:
    m_TransformParent: {fileID: 1422320719062060683}
    m_Modifications:
    - target: {fileID: 5973009064057331655, guid: 2136538c4bc0157458ac09d4d367b383,
        type: 3}
      propertyPath: m_Name
      value: Laser
      objectReference: {fileID: 0}
    - target: {fileID: 8380631956133493471, guid: 2136538c4bc0157458ac09d4d367b383,
        type: 3}
      propertyPath: m_LocalPosition.x
      value: 1.06
      objectReference: {fileID: 0}
    - target: {fileID: 8380631956133493471, guid: 2136538c4bc0157458ac09d4d367b383,
        type: 3}
      propertyPath: m_LocalPosition.y
      value: -0.105
      objectReference: {fileID: 0}
    - target: {fileID: 8380631956133493471, guid: 2136538c4bc0157458ac09d4d367b383,
        type: 3}
      propertyPath: m_LocalPosition.z
      value: 0
      objectReference: {fileID: 0}
    - target: {fileID: 8380631956133493471, guid: 2136538c4bc0157458ac09d4d367b383,
        type: 3}
      propertyPath: m_LocalRotation.x
      value: 0
      objectReference: {fileID: 0}
    - target: {fileID: 8380631956133493471, guid: 2136538c4bc0157458ac09d4d367b383,
        type: 3}
      propertyPath: m_LocalRotation.y
      value: 0
      objectReference: {fileID: 0}
    - target: {fileID: 8380631956133493471, guid: 2136538c4bc0157458ac09d4d367b383,
        type: 3}
      propertyPath: m_LocalRotation.z
      value: 0
      objectReference: {fileID: 0}
    - target: {fileID: 8380631956133493471, guid: 2136538c4bc0157458ac09d4d367b383,
        type: 3}
      propertyPath: m_LocalRotation.w
      value: 1
      objectReference: {fileID: 0}
    - target: {fileID: 8380631956133493471, guid: 2136538c4bc0157458ac09d4d367b383,
        type: 3}
      propertyPath: m_RootOrder
      value: 3
      objectReference: {fileID: 0}
    - target: {fileID: 8380631956133493471, guid: 2136538c4bc0157458ac09d4d367b383,
        type: 3}
      propertyPath: m_LocalEulerAnglesHint.x
      value: 0
      objectReference: {fileID: 0}
    - target: {fileID: 8380631956133493471, guid: 2136538c4bc0157458ac09d4d367b383,
        type: 3}
      propertyPath: m_LocalEulerAnglesHint.y
      value: 0
      objectReference: {fileID: 0}
    - target: {fileID: 8380631956133493471, guid: 2136538c4bc0157458ac09d4d367b383,
        type: 3}
      propertyPath: m_LocalEulerAnglesHint.z
      value: 0
      objectReference: {fileID: 0}
    m_RemovedComponents: []
  m_SourcePrefab: {fileID: 100100000, guid: 2136538c4bc0157458ac09d4d367b383, type: 3}
--- !u!4 &2042124872684590174 stripped
Transform:
  m_CorrespondingSourceObject: {fileID: 8380631956133493471, guid: 2136538c4bc0157458ac09d4d367b383,
    type: 3}
  m_PrefabInstance: {fileID: 7501564985928412801}
  m_PrefabAsset: {fileID: 0}
